<?xml version="1.0" encoding="UTF-8"?>
<marc:collection xmlns:marc="http://www.loc.gov/MARC21/slim" xmlns:xsi="http://www.w3.org/2001/XMLSchema-instance" xsi:schemaLocation="http://www.loc.gov/MARC21/slim http://www.loc.gov/standards/marcxml/schema/MARC21slim.xsd">
   <marc:record type="Bibliographic">
      <marc:leader>02565cam a2200445 a 4500</marc:leader>
      <marc:controlfield tag="001">248319</marc:controlfield>
      <marc:controlfield tag="003">NjP</marc:controlfield>
      <marc:controlfield tag="005">20160607220105.0</marc:controlfield>
      <marc:controlfield tag="008">841023s1980    ir d          000 0 araod</marc:controlfield>
      <marc:datafield tag="024" ind1="7" ind2=" ">
         <marc:subfield code="a">princeton_aco001170</marc:subfield>
         <marc:subfield code="2">local</marc:subfield>
      </marc:datafield>
      <marc:datafield tag="035" ind1=" " ind2=" ">
         <marc:subfield code="a">(OCoLC)ocn175871155</marc:subfield>
      </marc:datafield>
      <marc:datafield tag="035" ind1=" " ind2=" ">
         <marc:subfield code="a">(OCoLC)175871155</marc:subfield>
      </marc:datafield>
      <marc:datafield tag="035" ind1=" " ind2=" ">
         <marc:subfield code="a">(CStRLIN)NJPG84-B56349</marc:subfield>
      </marc:datafield>
      <marc:datafield tag="035" ind1=" " ind2=" ">
         <marc:subfield code="9">ABG3422TS</marc:subfield>
      </marc:datafield>
      <marc:datafield tag="035" ind1=" " ind2=" ">
         <marc:subfield code="a">(NjP)248319</marc:subfield>
      </marc:datafield>
      <marc:datafield tag="040" ind1=" " ind2=" ">
         <marc:subfield code="a">CU</marc:subfield>
         <marc:subfield code="c">PUL</marc:subfield>
         <marc:subfield code="d">PUL</marc:subfield>
      </marc:datafield>
      <marc:datafield tag="041" ind1="0" ind2=" ">
         <marc:subfield code="a">arapereng</marc:subfield>
      </marc:datafield>
      <marc:datafield tag="049" ind1=" " ind2=" ">
         <marc:subfield code="a">PULL</marc:subfield>
      </marc:datafield>
      <marc:datafield tag="079" ind1=" " ind2=" ">
         <marc:subfield code="a">ocm08373934</marc:subfield>
         <marc:subfield code="z">ocn213784079</marc:subfield>
      </marc:datafield>
      <marc:datafield tag="100" ind1="0" ind2=" ">
         <marc:subfield code="6">880-01</marc:subfield>
         <marc:subfield code="a">Jāmī,</marc:subfield>
         <marc:subfield code="d">1414-1492.</marc:subfield>
         <marc:subfield code="0">(uri)http://id.loc.gov/authorities/names/n79068673</marc:subfield>
      </marc:datafield>
      <marc:datafield tag="240" ind1="1" ind2="0">
         <marc:subfield code="6">880-02</marc:subfield>
         <marc:subfield code="a">Durrah al-fākhirah</marc:subfield>
      </marc:datafield>
      <marc:datafield tag="245" ind1="1" ind2="3">
         <marc:subfield code="6">880-03</marc:subfield>
         <marc:subfield code="a">al-Durrah al-fākhirah fī taḥqīq madhhab al-Ṣūfīyah wa-al-mutakallimīn wa-al-ḥukamāʼ al-mutaqaddimīn /</marc:subfield>
         <marc:subfield code="c">Nūr al-Dīn ʻAbd al-Raḥmān Jāmī ; bi-inz̤imām-i havāshī-i muʼallif va sharḥ-i ʻAbd al-Ghafūr Lārī va Ḥikmat ʻImādīyah ; bi-ihtimām-i Nīkulā Hīr va ʻAlī Mūsavī Bihbahānī.</marc:subfield>
      </marc:datafield>
      <marc:datafield tag="260" ind1=" " ind2=" ">
         <marc:subfield code="a">Tihrān :</marc:subfield>
         <marc:subfield code="b">Muʼassasah-ʼi Mutāliʻāt-i Islāmī-i Dānishgāh-i Makgīl shuʻbah-ʼi Tihrān bā hamkārī Dānishgāh-i Tihrān,</marc:subfield>
         <marc:subfield code="c">1980.</marc:subfield>
      </marc:datafield>
      <marc:datafield tag="300" ind1=" " ind2=" ">
         <marc:subfield code="a">67, 222, 34 p., [2] folded leaves :</marc:subfield>
         <marc:subfield code="b">charts ;</marc:subfield>
         <marc:subfield code="c">25 cm.</marc:subfield>
      </marc:datafield>
      <marc:datafield tag="440" ind1=" " ind2="0">
         <marc:subfield code="a">Silsilah-ʼi Dānish-i Īrānī ;</marc:subfield>
         <marc:subfield code="v">19</marc:subfield>
      </marc:datafield>
      <marc:datafield tag="500" ind1=" " ind2=" ">
         <marc:subfield code="a">Added t.p. in English.</marc:subfield>
      </marc:datafield>
      <marc:datafield tag="500" ind1=" " ind2=" ">
         <marc:subfield code="a">Text in Arabic or Persian ; introductions in Persian or English.</marc:subfield>
      </marc:datafield>
      <marc:datafield tag="650" ind1=" " ind2="0">
         <marc:subfield code="a">God (Islam)</marc:subfield>
         <marc:subfield code="x">Early works to 1800.</marc:subfield>
         <marc:subfield code="0">(uri)http://id.loc.gov/authorities/subjects/sh2008118219</marc:subfield>
      </marc:datafield>
      <marc:datafield tag="650" ind1=" " ind2="0">
         <marc:subfield code="a">Sufism</marc:subfield>
         <marc:subfield code="x">Early works to 1800.</marc:subfield>
         <marc:subfield code="0">(uri)http://id.loc.gov/authorities/subjects/sh2008112367</marc:subfield>
      </marc:datafield>
      <marc:datafield tag="700" ind1="1" ind2=" ">
         <marc:subfield code="6">880-04</marc:subfield>
         <marc:subfield code="a">Lārī, ʻAbd al-Ghafūr,</marc:subfield>
         <marc:subfield code="d">-1506</marc:subfield>
         <marc:subfield code="0">(uri)http://id.loc.gov/authorities/names/n78052447</marc:subfield>
      </marc:datafield>
      <marc:datafield tag="700" ind1="1" ind2=" ">
         <marc:subfield code="a">Heer, Nicholas.</marc:subfield>
      </marc:datafield>
      <marc:datafield tag="700" ind1="1" ind2=" ">
         <marc:subfield code="a">Mūsavī Bihbahānī, ʻAlī.</marc:subfield>
      </marc:datafield>
      <marc:datafield tag="880" ind1="0" ind2=" ">
         <marc:subfield code="6">100-01/r</marc:subfield>
         <marc:subfield code="a">جامي،</marc:subfield>
         <marc:subfield code="d">1414-1492.</marc:subfield>
      </marc:datafield>
      <marc:datafield tag="880" ind1="1" ind2="0">
         <marc:subfield code="6">240-02/r</marc:subfield>
         <marc:subfield code="a">درة الفاخرة</marc:subfield>
      </marc:datafield>
      <marc:datafield tag="880" ind1="1" ind2="2">
         <marc:subfield code="6">245-03/r</marc:subfield>
         <marc:subfield code="a">الدرة الفاخرة في تحقيق مذهب الصوفية والمتكلمين والحكماء المتقدمين /</marc:subfield>
         <marc:subfield code="c">نور الدين عبد الرحمن جامي ؛ bi-inz̤imām-i havāshī-i muʼallif va sharḥ-i ʻAbd al-Ghafūr Lārī va Ḥikmat ʻImādīyah ; bi-ihtimām-i Nīkulā Hīr va ʻAlī Mūsavī Bihbahānī</marc:subfield>
      </marc:datafield>
      <marc:datafield tag="880" ind1="1" ind2=" ">
         <marc:subfield code="6">700-04/r</marc:subfield>
         <marc:subfield code="a">لاري، عبد الغفور،</marc:subfield>
         <marc:subfield code="d">d. 1506.</marc:subfield>
      </marc:datafield>
      <marc:datafield tag="852" ind1="0" ind2=" ">
         <marc:subfield code="b">nec</marc:subfield>
         <marc:subfield code="h">BP166.2</marc:subfield>
         <marc:subfield code="i">.J365 1980</marc:subfield>
         <marc:subfield code="p">271969</marc:subfield>
         <marc:subfield code="x">reclassed from: 2271.505416.331</marc:subfield>
      </marc:datafield>
      <marc:datafield tag="998" ind1=" " ind2=" ">
         <marc:subfield code="a">11/23/87</marc:subfield>
         <marc:subfield code="s">9114</marc:subfield>
         <marc:subfield code="n">NjP</marc:subfield>
         <marc:subfield code="w">CUBG84B5102</marc:subfield>
         <marc:subfield code="d">10/23/84</marc:subfield>
         <marc:subfield code="c">PIN</marc:subfield>
         <marc:subfield code="b">KE</marc:subfield>
         <marc:subfield code="i">871123</marc:subfield>
         <marc:subfield code="l">NJPG</marc:subfield>
      </marc:datafield>
      <marc:datafield tag="911" ind1=" " ind2=" ">
         <marc:subfield code="a">19921028</marc:subfield>
      </marc:datafield>
      <marc:datafield tag="912" ind1=" " ind2=" ">
         <marc:subfield code="a">19900822000000.0</marc:subfield>
      </marc:datafield>
      <marc:datafield tag="994" ind1=" " ind2=" ">
         <marc:subfield code="a">C0</marc:subfield>
         <marc:subfield code="b">PUL</marc:subfield>
      </marc:datafield>
      <marc:datafield tag="999" ind1=" " ind2=" ">
         <marc:subfield code="a">248319</marc:subfield>
      </marc:datafield>
   </marc:record>
</marc:collection>
